<?xml version="1.0" encoding="UTF-8"?>
<record xmlns="http://www.loc.gov/MARC21/slim" xmlns:xsi="http://www.w3.org/2001/XMLSchema-instance" xsi:schemaLocation="http://www.loc.gov/MARC21/slim http://www.loc.gov/standards/marcxml/schema/MARC21slim.xsd">
<leader>     cam a2200349 a 4500</leader>
<controlfield tag="001">001821166</controlfield>
<controlfield tag="003">NNU</controlfield>
<controlfield tag="005">19940713181853.0</controlfield>
<controlfield tag="008">891103s1985    ir h          000 0 araod</controlfield>
<datafield tag="035" ind1="9" ind2=" ">
<subfield code="a">NYUb10755604</subfield>
</datafield>
<datafield tag="035" ind1=" " ind2=" ">
<subfield code="a">(CStRLIN)NYUG89-B42467</subfield>
</datafield>
<datafield tag="035" ind1=" " ind2=" ">
<subfield code="a">GLIS007556042</subfield>
</datafield>
<datafield tag="040" ind1=" " ind2=" ">
<subfield code="a">PU</subfield>
<subfield code="c">PU</subfield>
<subfield code="d">NNU</subfield>
</datafield>
<datafield tag="090" ind1=" " ind2=" ">
<subfield code="i">02/27/91 CT</subfield>
<subfield code="h">11/03/89 CT</subfield>
</datafield>
<datafield tag="100" ind1="1" ind2=" ">
<subfield code="a">Rāwandī, Saʻīd ibn Hibat Allāh,</subfield>
<subfield code="d">d. 1178.</subfield>
</datafield>
<datafield tag="245" ind1="1" ind2="0">
<subfield code="a">Minhāj al-barāʻah fī sharḥ Nahj al-balāghah /</subfield>
<subfield code="c">li-Abī al-Ḥusayn Saʻīd ibn Hibat Allāh al-Rāwandī ; taḥqīq ʻAbd al-Laṭīf al-Kūhʹkamarī, bi-ihtimām Maḥmūd al-Marʻashī.</subfield>
</datafield>
<datafield tag="260" ind1=" " ind2=" ">
<subfield code="a">Qum :</subfield>
<subfield code="b">Maktabat Āyat Allāh al-Marʻashī al-ʻĀmmah,</subfield>
<subfield code="c">1406 [1985]</subfield>
</datafield>
<datafield tag="300" ind1=" " ind2=" ">
<subfield code="a">3 v. :</subfield>
<subfield code="b">facsims. ;</subfield>
<subfield code="c">25 cm.</subfield>
</datafield>
<datafield tag="490" ind1="1" ind2=" ">
<subfield code="a">Min makhṭūṭāt Maktabat Āyat Allāh al-Marʻashī al-ʻĀmmah ;</subfield>
<subfield code="v">14</subfield>
</datafield>
<datafield tag="504" ind1=" " ind2=" ">
<subfield code="a">Bibliography: v. 3, p. 466-474.</subfield>
</datafield>
<datafield tag="600" ind1="1" ind2="0">
<subfield code="a">Sharīf al-Raḍī, Muḥammad ibn al-Ḥusayn,</subfield>
<subfield code="d">969 or 70-1016.</subfield>
<subfield code="t">Nahj al-balāghah.</subfield>
</datafield>
<datafield tag="600" ind1="0" ind2="0">
<subfield code="a">ʻAlī ibn Abī Ṭālib,</subfield>
<subfield code="c">Caliph,</subfield>
<subfield code="d">600 (ca.)-661.</subfield>
</datafield>
<datafield tag="650" ind1=" " ind2="0">
<subfield code="a">Shīʻah</subfield>
<subfield code="x">Doctrines.</subfield>
</datafield>
<datafield tag="700" ind1="1" ind2=" ">
<subfield code="a">Marʻashī, Maḥmūd.</subfield>
</datafield>
<datafield tag="700" ind1="1" ind2=" ">
<subfield code="a">Kūhʹkamarī, ʻAbd al-Laṭīf Ḥusaynī.</subfield>
</datafield>
<datafield tag="700" ind1="0" ind2=" ">
<subfield code="a">ʻAlī ibn Abī Ṭālib,</subfield>
<subfield code="c">Caliph,</subfield>
<subfield code="d">600 (ca.)-661.</subfield>
</datafield>
<datafield tag="700" ind1="1" ind2=" ">
<subfield code="a">Sharīf al-Raḍī, Muḥammad ibn al-Ḥusayn,</subfield>
<subfield code="d">969 or 70-1016.</subfield>
<subfield code="t">Nahj al-balāghah.</subfield>
</datafield>
<datafield tag="830" ind1=" " ind2="0">
<subfield code="a">Min makhṭūṭāt Maktabat Āyat Allāh al-Marʻashī al-ʻĀmmah ;</subfield>
<subfield code="v">14.</subfield>
</datafield>
<datafield tag="OWN" ind1=" " ind2=" ">
<subfield code="a">GENERAL</subfield>
</datafield>
<datafield tag="950" ind1=" " ind2=" ">
<subfield code="l">BMAIN</subfield>
<subfield code="a">BP193.1.A2</subfield>
<subfield code="b">R38 1985</subfield>
<subfield code="n">455:sl\Unanalyzed\</subfield>
<subfield code="i">02/27/91 C</subfield>
<subfield code="h">11/03/89 C</subfield>
</datafield>
<datafield tag="955" ind1=" " ind2=" ">
<subfield code="l">BMAIN</subfield>
<subfield code="c">1:v.1</subfield>
<subfield code="r">014246972</subfield>
<subfield code="i">02/27/91 C</subfield>
</datafield>
<datafield tag="955" ind1=" " ind2=" ">
<subfield code="l">BMAIN</subfield>
<subfield code="c">1:v.3</subfield>
<subfield code="r">013686624</subfield>
<subfield code="h">11/03/89 C</subfield>
</datafield>
<datafield tag="955" ind1=" " ind2=" ">
<subfield code="l">BMAIN</subfield>
<subfield code="c">1:v.2</subfield>
<subfield code="r">013686749</subfield>
<subfield code="h">11/03/89 C</subfield>
</datafield>
<datafield tag="998" ind1=" " ind2=" ">
<subfield code="a">02/27/91</subfield>
<subfield code="t">c</subfield>
<subfield code="s">9114</subfield>
<subfield code="n">NNU</subfield>
<subfield code="w">PAUG89B26454</subfield>
<subfield code="d">11/03/89</subfield>
<subfield code="c">MG</subfield>
<subfield code="b">PJV</subfield>
<subfield code="i">910227</subfield>
<subfield code="h">891103</subfield>
<subfield code="l">NYUG</subfield>
</datafield>
<datafield tag="AVA" ind1=" " ind2=" ">
<subfield code="a">NYU50</subfield>
<subfield code="b">BOBST</subfield>
<subfield code="c">Main Collection</subfield>
<subfield code="d">BP193.1.A2 R38 1985</subfield>
<subfield code="e">check_holdings</subfield>
<subfield code="t">Check Holdings</subfield>
<subfield code="h">Y</subfield>
<subfield code="j">MAIN</subfield>
<subfield code="k">0</subfield>
</datafield>
</record>
